@article{memory,
year={2015},
issn={1382-3256},
journal={Empirical Software Engineering},
doi={10.1007/s10664-015-9362-z},
title={On the detection of custom memory allocators in C binaries},
url={http://dx.doi.org/10.1007/s10664-015-9362-z},
publisher={Springer US},
keywords={Custom memory allocation; Dynamic binary analysis},
author={Chen, Xi and Slowinska, Asia and Bos, Herbert},
pages={1-25},
language={English}
}

@article{structures,
year={2015},
issn={1382-3256},
journal={Empirical Software Engineering},
doi={10.1007/s10664-015-9363-y},
title={Scalable data structure detection and classification for C/C++ binaries},
url={http://dx.doi.org/10.1007/s10664-015-9363-y},
publisher={Springer US},
keywords={Data structures; Dynamic binary analysis},
author={Haller, Istvan and Slowinska, Asia and Bos, Herbert},
pages={1-33},
language={English}
}


@article{stateMachines,
year={2015},
issn={1382-3256},
journal={Empirical Software Engineering},
doi={10.1007/s10664-015-9367-7},
title={Inferring extended finite state machine models from software executions},
url={http://dx.doi.org/10.1007/s10664-015-9367-7},
publisher={Springer US},
keywords={Reverse engineering; EFSMs; Dynamic analysis},
author={Walkinshaw, Neil and Taylor, Ramsay and Derrick, John},
pages={1-43},
language={English}
}


@article{architecture,
year={2015},
issn={1382-3256},
journal={Empirical Software Engineering},
doi={10.1007/s10664-014-9348-2},
title={Mining architectural violations from version history},
url={http://dx.doi.org/10.1007/s10664-014-9348-2},
publisher={Springer US},
keywords={Software architecture conformance; Software architecture erosion; Mining software repositories; Reflexion models},
author={Maffort, Cristiano and Valente, MarcoTulio and Terra, Ricardo and Bigonha, Mariza and Anquetil, Nicolas and Hora, André},
pages={1-42},
language={English}
}

@article{patterns,
year={2015},
issn={1382-3256},
journal={Empirical Software Engineering},
doi={10.1007/s10664-015-9361-0},
title={Evaluating the impact of design pattern and anti-pattern dependencies on changes and faults},
url={http://dx.doi.org/10.1007/s10664-015-9361-0},
publisher={Springer US},
keywords={Anti-patterns; Design patterns; Faults proneness; Change proneness; Static relationships; Co-change},
author={Jaafar, Fehmi and Guéhéneuc, Yann-Gaël and Hamel, Sylvie and Khomh, Foutse and Zulkernine, Mohammad},
pages={1-36},
language={English}
}


@article{codeReview,
year={2015},
issn={1382-3256},
journal={Empirical Software Engineering},
doi={10.1007/s10664-015-9366-8},
title={Investigating technical and non-technical factors influencing modern code review},
url={http://dx.doi.org/10.1007/s10664-015-9366-8},
publisher={Springer US},
keywords={Code review; collaboration; technical and non-technical factors; personal and organizational aspects; WebKit; Blink},
author={Baysal, Olga and Kononenko, Oleksii and Holmes, Reid and Godfrey, MichaelW.},
pages={1-28},
language={English}
}
